@article{collaboration2016long,
  title={Long-baseline neutrino facility (lbnf) and deep underground neutrino experiment (dune) conceptual design report volume 2: The physics program for dune at lbnf},
  author={Collaboration, DUNE and Acciarri, R and Acero, MA and Adamowski, M and Adams, C and Adamson, P and Adhikari, S and Ahmad, Z and Albright, CH and Alion, T and others},
  year={2016}
}

@book{maxwell1873treatise,
  title={A treatise on electricity and magnetism},
  author={Maxwell, James Clerk},
  volume={1},
  year={1873},
  publisher={Oxford: Clarendon Press}
}

@article{glashow1959renormalizability,
  title={The renormalizability of vector meson interactions},
  author={Glashow, Sheldon L},
  journal={Nuclear Physics},
  volume={10},
  pages={107--117},
  year={1959},
  publisher={Elsevier}
}

@article{salam1959weak,
  title={Weak and electromagnetic interactions},
  author={Salam, A and Ward, J},
  journal={Nuovo Cimento},
  volume={10},
  pages={568--577},
  year={1959}
}

@article{weinberg1967model,
  title={A model of leptons},
  author={Weinberg, Steven},
  journal={Physical review letters},
  volume={19},
  number={21},
  pages={1264},
  year={1967},
  publisher={APS}
}
